@misc{chromium,
  author = {Google},
  title = {Chromium},
  url = {https://www.chromium.org/Home},
  urldate = {2019-12-11}
}
@misc{release,
  author = {Ryan Paul},
  title = {{Google unveils Chrome source code and Linux port}},
  url = {https://arstechnica.com/information-technology/2008/09/google-unveils-chrome-source-code-and-linux-port/},
  urldate = {2019-12-11}
}

@techreport{sec,
  author = {Adam Barth and Collin Jackson and Charles Reis},
  title = {{The Security Architecture of the Chromium Browser }},
  institution = {Leland Stanford Junior University},
  year = {2008}
}

@misc{man,
  author = {Google},
  title = {{Chromium design documents}},
  url = {http://dev.chromium.org/developers/design-documents},
  urldate = {2019-12-11}
}

@misc{contributing,
  author = {Google},
  title = {{Contributing to Chromium}},
  url = {https://chromium.googlesource.com/chromium/src/+/master/docs/contributing.md},
  urldate = {2020-01-19}
}


@misc{lifeofchromedev,
  author = {Google},
  title = {{Life of a Chromium Developer}},
  url = {https://docs.google.com/a/google.com/present/view?id=0AetfwCoL2lQAZGQ5bXJ0NDVfMGRtdGQ0OWM2},
  urldate = {2020-01-19}
}


@misc{contributingguide,
  author = {Monica Dinculescu},
  title = {{Contributing to Chromium: an illustrated guide}},
  url = {https://meowni.ca/posts/chromium-101/},
  urldate = {2020-01-19}
}

@misc{v8,
  author = {Google},
  title = {{V8}},
  url = {https://v8.dev/},
  urldate = {2020-01-19}
}

@misc{checklist,
  author = {Google},
  title = {{Commit Checklist for Chromium Workflow}},
  url = {https://chromium.googlesource.com/chromium/src/+/master/docs/commit_checklist.md},
  urldate = {2020-01-19}
}

@misc{style_guide,
  author = {Google},
  title = {{Chromium coding style}},
  url = {https://chromium.googlesource.com/chromium/src/+/master/styleguide/styleguide.md},
  urldate = {2020-01-19}
}

@misc{git,
  author = {Git},
  title = {{Git}},
  url = {https://git-scm.com/},
  urldate = {2020-01-19}
}

@misc{gerrit,
  author = {Gerrit},
  title = {{Gerrit Code Review Product Overview}},
  url = {https://gerrit-documentation.storage.googleapis.com/Documentation/3.1.2/intro-quick.html},
  urldate = {2020-01-19}
}

@misc{awscloud9,
  author = {Amazon},
  title = {{AWS Cloud9}},
  url = {https://aws.amazon.com/cloud9/},
  urldate = {2020-01-19}
}

@misc{clangvsgcc,
  author = {Clang},
  title = {{Clang vs GCC (GNU Compiler Collection), Clang vs Other Open Source Compilers}},
  url = {https://clang.llvm.org/comparison.html#gcc},
  urldate = {2020-01-19}
}

@misc{clang,
  author = {Clang},
  title = {{Clang: a C language family frontend for LLVM}},
  url = {https://clang.llvm.org/},
  urldate = {2020-01-19}
}

@misc{gcc,
  author = {gcc},
  title = {{GCC, the GNU Compiler Collection}},
  url = {https://gcc.gnu.org/},
  urldate = {2020-01-19}
}

@misc{lockin,
  author = {Source Making},
  title = {{Vendor Lock-In, Software Architecture AntiPatterns}},
  url = {https://gcc.gnu.org/},
  urldate = {2020-01-19}
}

@misc{freenode,
  author = {Freenode},
  title = {{Freenode}},
  url = {https://freenode.net/},
  urldate = {2020-01-19}
}

@misc{fossil,
  author = {Fossil},
  title = {{Fossil}},
  url = {https://www.fossil-scm.org/home/doc/trunk/www/index.wiki},
  urldate = {2020-01-19}
}

@misc{fossilvsgit,
  author = {Fossil},
  title = {{Fossil vs Git}},
  url = {https://fossil-scm.org/home/doc/trunk/www/fossil-v-git.wiki},
  urldate = {2020-01-19}
}

@misc{phabricator,
  author = {Phacility},
  title = {{Phabricator}},
  url = {https://www.phacility.com/phabricator/},
  urldate = {2020-01-19}
}

@misc{slack,
  author = {Slack},
  title = {{Slack}},
  url = {https://slack.com/},
  urldate = {2020-01-19}
}

@misc{accessibility,
  author = {Chromium},
  title = {{Accesibility Overview, Chromium}},
  url = {https://chromium.googlesource.com/chromium/src/+/master/docs/accessibility/overview.md},
  urldate = {2020-01-19}
}

@book{gammaetal,
  added-at = {2010-06-05T16:40:25.000+0200},
  asin = {0201633612},
  author = {Gamma, Erich and Helm, Richard and Johnson, Ralph and Vlissides, John M.},
  biburl = {https://www.bibsonomy.org/bibtex/27e3f1154ab1fbce54752a46dba7f2217/pnk},
  description = {Amazon.com: Design Patterns: Elements of Reusable Object-Oriented Software (9780201633610): Erich Gamma, Richard Helm, Ralph Johnson, John M. Vlissides: Books},
  dewey = {005.12},
  ean = {9780201633610},
  edition = 1,
  interhash = {7fe32957be97afaf4ecb38b5490d23b4},
  intrahash = {7e3f1154ab1fbce54752a46dba7f2217},
  isbn = {0201633612},
  keywords = {DBIS Design Object-Oriented Patterns SS2010 Seminar Software},
  publisher = {Addison-Wesley Professional},
  timestamp = {2010-06-05T16:40:25.000+0200},
  title = {Design Patterns: Elements of Reusable Object-Oriented Software},
  url = {http://www.amazon.com/Design-Patterns-Elements-Reusable-Object-Oriented/dp/0201633612/ref=ntt_at_ep_dpi_1},
  year = 1994
}
@misc{bench,
  author = {Chromium},
  title = {{Speed Metrics Team}},
  url = {https://www.chromium.org/teams/speed-metrics-team},
  urldate = {2020-01-19}
}


@misc{rapidcheck,
  author = {{emil-e}},
  title = {RapidCheck},
  url = {https://github.com/emil-e/rapidcheck},
  urldate = {2020-01-19}
}

@misc{usage,
  author = {StatCounter Global Stats},
  title = {Desktop Browser Market Share Worldwide},
  urldate = {2019-07-31}
}
